@article{beppuGeometrydrivenCollectiveOrdering2017,
 author = {Beppu, Kazusa and Izri, Ziane and Gohya, Jun and Eto, Kanta and Ichikawa, Masatoshi and Maeda, Yusuke T.},
 doi = {10.1039/c7sm00999b},
 journal = {Soft Matter},
 number = {29},
 pages = {5038-5043},
 publisher = {Royal Society of Chemistry (RSC)},
 title = {Geometry-driven collective ordering of bacterial vortices},
 volume = {13},
 year = {2017}
}

@article{blanch-mercaderTurbulentDynamicsEpithelial2018,
 author = {Blanch-Mercader, C. and Yashunsky, V. and Garcia, S. and Duclos, G. and Giomi, L. and Silberzan, P.},
 doi = {10.1103/physrevlett.120.208101},
 journal = {Physical Review Letters},
 number = {20},
 publisher = {American Physical Society (APS)},
 title = {Turbulent Dynamics of Epithelial Cell Cultures},
 volume = {120},
 year = {2018}
}

@article{capriniCollectiveEffectsConfined2021,
 author = {Caprini, Lorenzo and Maggi, Claudio and Marconi, Umberto Marini Bettolo},
 doi = {10.1063/5.0051315},
 journal = {The Journal of Chemical Physics},
 number = {24},
 publisher = {AIP Publishing},
 title = {Collective effects in confined active Brownian particles},
 volume = {154},
 year = {2021}
}

@article{capriniHiddenVelocityOrdering2020,
 author = {Caprini, Lorenzo and Marconi, Umberto Marini Bettolo and Maggi, Claudio and Paoluzzi, Matteo and Puglisi, Andrea},
 doi = {10.1103/physrevresearch.2.023321},
 journal = {Physical Review Research},
 number = {2},
 publisher = {American Physical Society (APS)},
 title = {Hidden velocity ordering in dense suspensions of self-propelled disks},
 volume = {2},
 year = {2020}
}

@article{capriniSelfrevertingVorticesChiral2024,
 author = {Caprini, L. and Liebchen, B. and Löwen, H.},
 doi = {10.1038/s42005-024-01637-2},
 journal = {Communications Physics},
 number = {1},
 publisher = {Springer Science and Business Media LLC},
 title = {Self-reverting vortices in chiral active matter},
 volume = {7},
 year = {2024}
}

@article{chenScaleInvariantCorrelationsDynamic2012,
 author = {Chen, Xiao and Dong, Xu and Be'er, Avraham and Swinney, Harry L. and Zhang, H. P.},
 doi = {10.1103/physrevlett.108.148101},
 journal = {Physical Review Letters},
 number = {14},
 pages = {148101},
 publisher = {American Physical Society (APS)},
 title = {Scale-Invariant Correlations in Dynamic Bacterial Clusters},
 volume = {108},
 year = {2012}
}

@article{creppyTurbulenceSwarmingSperm2015,
 author = {Creppy, Adama and Praud, Olivier and Druart, Xavier and Kohnke, Philippa L. and Plouraboué, Franck},
 doi = {10.1103/physreve.92.032722},
 journal = {Physical Review E},
 number = {3},
 publisher = {American Physical Society (APS)},
 title = {Turbulence of swarming sperm},
 volume = {92},
 year = {2015}
}

@article{dasAggregateMorphologyActive2020,
 author = {Das, Suchismita and Ghosh, Sounok and Chelakkot, Raghunath},
 doi = {10.1103/physreve.102.032619},
 journal = {Physical Review E},
 number = {3},
 publisher = {American Physical Society (APS)},
 title = {Aggregate morphology of active Brownian particles on porous, circular walls},
 volume = {102},
 year = {2020}
}

@article{dombrowskiSelfConcentrationLargeScaleCoherence2004,
 author = {Dombrowski, Christopher and Cisneros, Luis and Chatkaew, Sunita and Goldstein, Raymond E. and Kessler, John O.},
 doi = {10.1103/physrevlett.93.098103},
 journal = {Physical Review Letters},
 number = {9},
 publisher = {American Physical Society (APS)},
 title = {Self-Concentration and Large-Scale Coherence in Bacterial Dynamics},
 volume = {93},
 year = {2004}
}

@article{dunkelFluidDynamicsBacterial2013,
 author = {Dunkel, Jörn and Heidenreich, Sebastian and Drescher, Knut and Wensink, Henricus H. and Bär, Markus and Goldstein, Raymond E.},
 doi = {10.1103/physrevlett.110.228102},
 journal = {Physical Review Letters},
 number = {22},
 publisher = {American Physical Society (APS)},
 title = {Fluid Dynamics of Bacterial Turbulence},
 volume = {110},
 year = {2013}
}

@article{fazliActiveParticlesPolar2021,
 author = {Fazli, Zahra and Naji, Ali},
 doi = {10.1103/physreve.103.022601},
 journal = {Physical Review E},
 number = {2},
 publisher = {American Physical Society (APS)},
 title = {Active particles with polar alignment in ring-shaped confinement},
 volume = {103},
 year = {2021}
}

@article{filyAthermalPhaseSeparation2012,
 author = {Fily, Yaouen and Marchetti, M. Cristina},
 doi = {10.1103/physrevlett.108.235702},
 journal = {Physical Review Letters},
 number = {23},
 publisher = {American Physical Society (APS)},
 title = {Athermal Phase Separation of Self-Propelled Particles with No Alignment},
 volume = {108},
 year = {2012}
}

@article{ghoshSelfPropelledJanusParticles2013,
 author = {Ghosh, Pulak K. and Misko, Vyacheslav R. and Marchesoni, Fabio and Nori, Franco},
 doi = {10.1103/physrevlett.110.268301},
 journal = {Physical Review Letters},
 number = {26},
 publisher = {American Physical Society (APS)},
 title = {Self-Propelled Janus Particles in a Ratchet: Numerical Simulations},
 volume = {110},
 year = {2013}
}

@article{jiangEmergenceCollectiveDynamical2017,
 author = {Jiang, Huijun and Ding, Huai and Pu, Mingfeng and Hou, Zhonghuai},
 doi = {10.1039/c6sm02335e},
 journal = {Soft Matter},
 number = {4},
 pages = {836-841},
 publisher = {Royal Society of Chemistry (RSC)},
 title = {Emergence of collective dynamical chirality for achiral active particles},
 volume = {13},
 year = {2017}
}

@article{kaiserHowCaptureActive2012,
 author = {Kaiser, A. and Wensink, H. H. and Löwen, H.},
 doi = {10.1103/physrevlett.108.268307},
 journal = {Physical Review Letters},
 number = {26},
 publisher = {American Physical Society (APS)},
 title = {How to Capture Active Particles},
 volume = {108},
 year = {2012}
}

@article{kurodaAnomalousFluctuationsHomogeneous2023,
 author = {Kuroda, Yuta and Matsuyama, Hiromichi and Kawasaki, Takeshi and Miyazaki, Kunimasa},
 doi = {10.1103/physrevresearch.5.013077},
 journal = {Physical Review Research},
 number = {1},
 pages = {013077},
 publisher = {American Physical Society (APS)},
 title = {Anomalous fluctuations in homogeneous fluid phase of active Brownian particles},
 volume = {5},
 year = {2023}
}

@article{kurodaLongrangeTranslationalOrder2024,
 author = {Kuroda, Yuta and Kawasaki, Takeshi and Miyazaki, Kunimasa},
 journal = {arXiv preprint arXiv:2402.19192},
 title = {Long-range translational order and hyperuniformity in two-dimensional chiral active crystal},
 year = {2024}
}

@article{maDrivingDynamicColloidal2017,
 author = {Ma, Zhan and Lei, Qun-li and Ni, Ran},
 doi = {10.1039/c7sm01730h},
 journal = {Soft Matter},
 number = {47},
 pages = {8940-8946},
 publisher = {Royal Society of Chemistry (RSC)},
 title = {Driving dynamic colloidal assembly using eccentric self-propelled colloids},
 volume = {13},
 year = {2017}
}

@article{nishiguchiVortexReversalPrecursor2024,
 author = {Nishiguchi, Daiki and Shiratani, Sora and Takeuchi, Kazumasa A. and Aranson, Igor S.},
 journal = {arXiv preprint arXiv:2407.05269},
 title = {Vortex reversal is a precursor of confined bacterial turbulence},
 year = {2024}
}

@article{pengImagingEmergenceBacterial2021,
 author = {Peng, Yi and Liu, Zhengyang and Cheng, Xiang},
 doi = {10.1126/sciadv.abd1240},
 journal = {Science Advances},
 number = {17},
 publisher = {American Association for the Advancement of Science (AAAS)},
 title = {Imaging the emergence of bacterial turbulence: Phase diagram and transition kinetics},
 volume = {7},
 year = {2021}
}

@article{soniOddFreeSurface2019,
 author = {Soni, Vishal and Bililign, Ephraim S. and Magkiriadou, Sofia and Sacanna, Stefano and Bartolo, Denis and Shelley, Michael J. and Irvine, William T. M.},
 doi = {10.1038/s41567-019-0603-8},
 journal = {Nature Physics},
 number = {11},
 pages = {1188-1194},
 publisher = {Springer Science and Business Media LLC},
 title = {The odd free surface flows of a colloidal chiral fluid},
 volume = {15},
 year = {2019}
}

@article{szamelLongrangedVelocityCorrelations2021,
 author = {Szamel, Grzegorz and Flenner, Elijah},
 doi = {10.1209/0295-5075/133/60002},
 journal = {Europhysics Letters},
 number = {6},
 pages = {60002},
 publisher = {IOP Publishing},
 title = {Long-ranged velocity correlations in dense systems of self-propelled particles},
 volume = {133},
 year = {2021}
}

@article{teeffelenDynamicsBrownianCircle2008,
 author = {{van Teeffelen}, Sven and Löwen, Hartmut},
 doi = {10.1103/physreve.78.020101},
 journal = {Physical Review E},
 number = {2},
 publisher = {American Physical Society (APS)},
 title = {Dynamics of a Brownian circle swimmer},
 volume = {78},
 year = {2008}
}

@article{weeksRoleRepulsiveForces1971,
 author = {Weeks, John D. and Chandler, David and Andersen, Hans C.},
 doi = {10.1063/1.1674820},
 journal = {The Journal of Chemical Physics},
 number = {12},
 pages = {5237-5247},
 publisher = {AIP Publishing},
 title = {Role of Repulsive Forces in Determining the Equilibrium Structure of Simple Liquids},
 volume = {54},
 year = {1971}
}

@article{wensinkMesoscaleTurbulenceLiving2012,
 author = {Wensink, Henricus H. and Dunkel, Jörn and Heidenreich, Sebastian and Drescher, Knut and Goldstein, Raymond E. and Löwen, Hartmut and Yeomans, Julia M.},
 doi = {10.1073/pnas.1202032109},
 journal = {Proceedings of the National Academy of Sciences},
 number = {36},
 pages = {14308-14313},
 publisher = {Proceedings of the National Academy of Sciences},
 title = {Meso-scale turbulence in living fluids},
 volume = {109},
 year = {2012}
}

@article{wiolandConfinementStabilizesBacterial2013,
 author = {Wioland, Hugo and Woodhouse, Francis G. and Dunkel, Jörn and Kessler, John O. and Goldstein, Raymond E.},
 doi = {10.1103/physrevlett.110.268102},
 journal = {Physical Review Letters},
 number = {26},
 publisher = {American Physical Society (APS)},
 title = {Confinement Stabilizes a Bacterial Suspension into a Spiral Vortex},
 volume = {110},
 year = {2013}
}

@article{wiolandFerromagneticAntiferromagneticOrder2016,
 author = {Wioland, Hugo and Woodhouse, Francis G. and Dunkel, Jörn and Goldstein, Raymond E.},
 doi = {10.1038/nphys3607},
 journal = {Nature Physics},
 number = {4},
 pages = {341-345},
 publisher = {Springer Science and Business Media LLC},
 title = {Ferromagnetic and antiferromagnetic order in bacterial vortex lattices},
 volume = {12},
 year = {2016}
}

@article{yangAggregationSegregationConfined2014,
 author = {Yang, Xingbo and Manning, M. Lisa and Marchetti, M. Cristina},
 doi = {10.1039/c4sm00927d},
 journal = {Soft Matter},
 number = {34},
 pages = {6477-6484},
 publisher = {Royal Society of Chemistry (RSC)},
 title = {Aggregation and segregation of confined active particles},
 volume = {10},
 year = {2014}
}
